@misc{l5slides,
note = {Oancea, Cosmin E., and Troels Henriksen. "Loop Parallelism I." PMPH Lecture Notes. DIKU, University of Copenhagen. Sept. 2015. Lecture.},
}

@misc{projectslides,
note = {Oancea, Cosmin E. "Project Related Discussion." PMPH Lecture Notes. DIKU, University of Copenhagen. Oct. 2015. Lecture.},
}

@misc{flattening,
note = {Oancea, Cosmin E., and Troels Henriksen. "Parallel Basic Blocks and Flattening Nested Parallelism." PMPH Lecture Notes. DIKU, University of Copenhagen. Sept. 2015. Lecture.},
}